@ARTICLE{Lamport1986,
   author = {L[eslie] A. Lamport},
   title = {The Gnats and Gnus Document Preparation System},
   journal = {G-Animal's Journal},
   year = 1986,
   volume = 41,
   number = 7,
   pages = "73+",
   month = jul,
}

@ARTICLE{mypublication,
	AUTHOR = {I. M. Author},
	TITLE = {This is one of my publications},
	JOURNAL = {The journal name},
	VOLUME = {15},
	NUMBER = {5},
	PAGES = {795-825},
	MONTH = {November},
	YEAR = {1993}	}

@ARTICLE{mypublication-hidden,
	title={Reference suppressed for anonymity during peer review},
	author={Anonymous},
	YEAR = {1993},
	note = {\emph{Reference suppressed for anonymity during peer review}} 	
}

@ARTICLE{myotherpublication,
	AUTHOR = {Author, I. M.  and Colleague, J.-P.},
	TITLE = {Why {UNSW} is leading the world in current research practices},
	JOURNAL = {The other journal name},
	VOLUME = {2},
	NUMBER = {4},
	PAGES = {111-222},
	MONTH = {April},
	YEAR = {2018}
}

@ARTICLE{myotherpublication-hidden,
	title={Reference suppressed for anonymity during peer review},
	author={Anonymous},
	YEAR = {2010},
	note = {\emph{Reference suppressed for anonymity during peer review}} 	
}

@webpage{overleafAPA6Reference,
	Date-Added = {2018-05-16 12:17:52 +0000},
	Date-Modified = {2018-05-16 12:18:40 +0000},
	title={APA6-Style Manuscript},
	Keywords = {Overleaf APA6 template},
	Lastchecked = {23 November 2018},
	Url = {https://www.overleaf.com/latex/templates/your-apa6-style-manuscript/kngbbqpypjcq},
	Bdsk-Url-1 = {https://www.overleaf.com/latex/templates/your-apa6-style-manuscript/kngbbqpypjcq}}
	
	
@webpage{texStackExchange,
	Date-Added = {2012-02-12 12:17:52 +0000},
	Date-Modified = {2014-04-13 12:18:40 +0000},
	title={Efficient ways to anonymize a document},
	Keywords = {Tex Stack Exchange},
	Lastchecked = {23 November 2018},
	Url = {https://tex.stackexchange.com/questions/41995/efficient-ways-to-anonymize-a-document/42090},
	Year = {2012},
	Bdsk-Url-1 = {https://tex.stackexchange.com/questions/41995/efficient-ways-to-anonymize-a-document/42090}}
	
	 